<record><leader>00000cas a22000007a 4500</leader><controlfield tag="001">13154794</controlfield><controlfield tag="008">860214d18661867iduwr ne      0    0eng d</controlfield><datafield ind1=" " ind2=" " tag="010"><subfield code="a">sn 86091168 </subfield></datafield><datafield ind1=" " ind2=" " tag="040"><subfield code="a">UNP</subfield><subfield code="b">eng</subfield><subfield code="c">UNP</subfield><subfield code="d">NVB</subfield><subfield code="d">CNK</subfield><subfield code="d">OCLCQ</subfield><subfield code="d">OCLCF</subfield><subfield code="d">OCLCO</subfield></datafield><datafield ind1="1" ind2=" " tag="029"><subfield code="a">AU@</subfield><subfield code="b">000025796727</subfield></datafield><datafield ind1=" " ind2=" " tag="042"><subfield code="a">msc</subfield></datafield><datafield ind1=" " ind2=" " tag="043"><subfield code="a">n-us-id</subfield></datafield><datafield ind1=" " ind2="4" tag="050"><subfield code="a">AN2.I2</subfield><subfield code="b">O99</subfield></datafield><datafield ind1="0" ind2="0" tag="245"><subfield code="a">Owyhee bullion.</subfield></datafield><datafield ind1=" " ind2=" " tag="260"><subfield code="a">Silver City, I.T. [Idaho] :</subfield><subfield code="b">Buchanan &amp; Carlton</subfield></datafield><datafield ind1=" " ind2=" " tag="300"><subfield code="a">v.</subfield></datafield><datafield ind1=" " ind2=" " tag="310"><subfield code="a">Weekly</subfield></datafield><datafield ind1="1" ind2=" " tag="362"><subfield code="a">Began with Nov. 14, 1866 issue; ceased with Nov. 7, 1867 issue.</subfield></datafield><datafield ind1=" " ind2=" " tag="588"><subfield code="a">Description based on: Vol. 1, no. 23 (Apr. 18, 1867).</subfield></datafield><datafield ind1=" " ind2="0" tag="651"><subfield code="a">Silver City (Idaho)</subfield><subfield code="v">Newspapers.</subfield></datafield><datafield ind1=" " ind2="7" tag="655"><subfield code="a">Newspapers.</subfield><subfield code="2">fast</subfield><subfield code="0">(OCoLC)fst01423814</subfield></datafield><datafield ind1=" " ind2="7" tag="651"><subfield code="a">Idaho</subfield><subfield code="z">Silver City.</subfield><subfield code="2">fast</subfield><subfield code="0">(OCoLC)fst01222852</subfield></datafield><datafield ind1=" " ind2=" " tag="752"><subfield code="a">United States</subfield><subfield code="b">Idaho</subfield><subfield code="c">Owyhee</subfield><subfield code="d">Silver City.</subfield></datafield><datafield ind1="0" ind2="0" tag="785"><subfield code="t">Boise semi-weekly Democrat</subfield><subfield code="w">(DLC)sn 88056066</subfield></datafield></record>